
@inproceedings{vogler2007best,
	title={The best of both worlds: Combining 3d deformable models with active shape models},
	author={Vogler, Christian and Li, Zhiguo and Kanaujia, Atul and Goldenstein, Siome and Metaxas, Dimitris},
	booktitle={Computer Vision, 2007. ICCV 2007. IEEE 11th International Conference on},
	pages={1--7},
	year={2007},
	organization={IEEE}
}
%unuse
@inproceedings{suk2014real,
	title={Real-time mobile facial expression recognition system-a case study},
	author={Suk, Myunghoon and Prabhakaran, Balakrishnan},
	booktitle={Proceedings of the IEEE Conference on Computer Vision and Pattern Recognition Workshops},
	pages={132--137},
	year={2014}
}
%unuse
@inproceedings{taigman2014deepface,
  title={Deepface: Closing the gap to human-level performance in face verification},
  author={Taigman, Yaniv and Yang, Ming and Ranzato, Marc'Aurelio and Wolf, Lior},
  booktitle={Proceedings of the IEEE conference on computer vision and pattern recognition},
  pages={1701--1708},
  year={2014}
}
%unuse
@article{perakis20133d,
  title={3D facial landmark detection under large yaw and expression variations},
  author={Perakis, Panagiotis and Passalis, Georgios and Theoharis, Theoharis and Kakadiaris, Ioannis A},
  journal={IEEE transactions on pattern analysis and machine intelligence},
  volume={35},
  number={7},
  pages={1552--1564},
  year={2013},
  publisher={IEEE}
}
@inproceedings{sun2013deep,
  title={Deep convolutional network cascade for facial point detection},
  author={Sun, Yi and Wang, Xiaogang and Tang, Xiaoou},
  booktitle={Proceedings of the IEEE conference on computer vision and pattern recognition},
  pages={3476--3483},
  year={2013}
}
@inproceedings{ren2014face,
  title={Face alignment at 3000 fps via regressing local binary features},
  author={Ren, Shaoqing and Cao, Xudong and Wei, Yichen and Sun, Jian},
  booktitle={Proceedings of the IEEE Conference on Computer Vision and Pattern Recognition},
  pages={1685--1692},
  year={2014}
}
@article{decarlo2000optical,
  title={Optical flow constraints on deformable models with applications to face tracking},
  author={Decarlo, Douglas and Metaxas, Dimitris},
  journal={International Journal of Computer Vision},
  volume={38},
  number={2},
  pages={99--127},
  year={2000},
  publisher={Springer}
}
@inproceedings{xiong2013supervised,
  title={Supervised descent method and its applications to face alignment},
  author={Xiong, Xuehan and De la Torre, Fernando},
  booktitle={Proceedings of the IEEE conference on computer vision and pattern recognition},
  pages={532--539},
  year={2013}
}
@article{perakis20133d,
  title={3D facial landmark detection under large yaw and expression variations},
  author={Perakis, Panagiotis and Passalis, Georgios and Theoharis, Theoharis and Kakadiaris, Ioannis A},
  journal={IEEE transactions on pattern analysis and machine intelligence},
  volume={35},
  number={7},
  pages={1552--1564},
  year={2013},
  publisher={IEEE}
}
@article{breiman2001random,
  title={Random forests},
  author={Breiman, Leo},
  journal={Machine learning},
  volume={45},
  number={1},
  pages={5--32},
  year={2001},
  publisher={Springer}
}
@inproceedings{kazemi2014one,
  title={One millisecond face alignment with an ensemble of regression trees},
  author={Kazemi, Vahid and Sullivan, Josephine},
  booktitle={Proceedings of the IEEE Conference on Computer Vision and Pattern Recognition},
  pages={1867--1874},
  year={2014}
}
@article{cao2014face,
  title={Face alignment by explicit shape regression},
  author={Cao, Xudong and Wei, Yichen and Wen, Fang and Sun, Jian},
  journal={International Journal of Computer Vision},
  volume={107},
  number={2},
  pages={177--190},
  year={2014},
  publisher={Springer}
}
@inproceedings{burgos2013robust,
  title={Robust face landmark estimation under occlusion},
  author={Burgos-Artizzu, Xavier P and Perona, Pietro and Doll{\'a}r, Piotr},
  booktitle={Proceedings of the IEEE International Conference on Computer Vision},
  pages={1513--1520},
  year={2013}
}
@article{wagner2012toward,
  title={Toward a practical face recognition system: Robust alignment and illumination by sparse representation},
  author={Wagner, Andrew and Wright, John and Ganesh, Arvind and Zhou, Zihan and Mobahi, Hossein and Ma, Yi},
  journal={IEEE Transactions on Pattern Analysis and Machine Intelligence},
  volume={34},
  number={2},
  pages={372--386},
  year={2012},
  publisher={IEEE}
}
@inproceedings{roth2015unconstrained,
  title={Unconstrained 3D face reconstruction},
  author={Roth, Joseph and Tong, Yiying and Liu, Xiaoming},
  booktitle={Proceedings of the IEEE Conference on Computer Vision and Pattern Recognition},
  pages={2606--2615},
  year={2015}
}
@inproceedings{roth2016adaptive,
  title={Adaptive 3D face reconstruction from unconstrained photo collections},
  author={Roth, Joseph and Tong, Yiying and Liu, Xiaoming},
  booktitle={Proceedings of the IEEE Conference on Computer Vision and Pattern Recognition},
  pages={4197--4206},
  year={2016}
}
@inproceedings{jourabloo2015attribute,
  title={Attribute preserved face de-identification},
  author={Jourabloo, Amin and Yin, Xi and Liu, Xiaoming},
  booktitle={Biometrics (ICB), 2015 International Conference on},
  pages={278--285},
  year={2015},
  organization={IEEE}
}
@article{guo2016dynamic,
  title={Dynamic facial expression recognition with atlas construction and sparse representation},
  author={Guo, Yimo and Zhao, Guoying and Pietik{\"a}inen, Matti},
  journal={IEEE Transactions on Image Processing},
  volume={25},
  number={5},
  pages={1977--1992},
  year={2016},
  publisher={IEEE}
}
@inproceedings{hu2014robust,
  title={Robust multi-pose facial expression recognition},
  author={Hu, Qiong and Peng, Xi and Yang, Peng and Yang, Fei and Metaxas, Dimitris N},
  booktitle={Pattern Recognition (ICPR), 2014 22nd International Conference on},
  pages={1782--1787},
  year={2014},
  organization={IEEE}
}
@inproceedings{sagonas2013300,
  title={300 faces in-the-wild challenge: The first facial landmark localization challenge},
  author={Sagonas, Christos and Tzimiropoulos, Georgios and Zafeiriou, Stefanos and Pantic, Maja},
  booktitle={Proceedings of the IEEE International Conference on Computer Vision Workshops},
  pages={397--403},
  year={2013}
}
@inproceedings{shen2015first,
  title={The first facial landmark tracking in-the-wild challenge: Benchmark and results},
  author={Shen, Jie and Zafeiriou, Stefanos and Chrysos, Grigoris G and Kossaifi, Jean and Tzimiropoulos, Georgios and Pantic, Maja},
  booktitle={Proceedings of the IEEE International Conference on Computer Vision Workshops},
  pages={50--58},
  year={2015}
}
@inproceedings{peng2016sequential,
  title={Sequential Face Alignment via Person-Specific Modeling in the Wild},
  author={Peng, Xi and Huang, Junzhou and Metaxas, Dimitris N},
  booktitle={Proceedings of the IEEE Conference on Computer Vision and Pattern Recognition Workshops},
  pages={107--116},
  year={2016}
}
@mastersthesis{wettum2017facial,
  title={Facial landmark tracking on a mobile device},
  author={Wettum, YC},
  type={{B.S.} thesis},
  year={2017},
  school={University of Twente}
}

% incremental method
@inproceedings{sanchez2016cascaded,
  title={Cascaded continuous regression for real-time incremental face tracking},
  author={S{\'a}nchez-Lozano, Enrique and Martinez, Brais and Tzimiropoulos, Georgios and Valstar, Michel},
  booktitle={European Conference on Computer Vision},
  pages={645--661},
  year={2016},
  organization={Springer}
}
@inproceedings{peng2016sequential,
  title={Sequential Face Alignment via Person-Specific Modeling in the Wild},
  author={Peng, Xi and Huang, Junzhou and Metaxas, Dimitris N},
  booktitle={Proceedings of the IEEE Conference on Computer Vision and Pattern Recognition Workshops},
  pages={107--116},
  year={2016}
}
@article{sung2009adaptive,
  title={Adaptive active appearance model with incremental learning},
  author={Sung, Jaewon and Kim, Daijin},
  journal={Pattern recognition letters},
  volume={30},
  number={4},
  pages={359--367},
  year={2009},
  publisher={Elsevier}
}
@inproceedings{asthana2014incremental,
  title={Incremental face alignment in the wild},
  author={Asthana, Akshay and Zafeiriou, Stefanos and Cheng, Shiyang and Pantic, Maja},
  booktitle={Proceedings of the IEEE Conference on Computer Vision and Pattern Recognition},
  pages={1859--1866},
  year={2014}
}
@inproceedings{peng2015piefa,
  title={Piefa: Personalized incremental and ensemble face alignment},
  author={Peng, Xi and Zhang, Shaoting and Yang, Yu and Metaxas, Dimitris N},
  booktitle={Proceedings of the IEEE International Conference on Computer Vision},
  pages={3880--3888},
  year={2015}
}
% incremental method
% for static methods 
% (ASM)
@inproceedings{tecootes1994active,
  title={Active shape models: Evaluation of a multi-resolution method for improving image search},
  author={TECootes, CJ and Lanitis, A},
  booktitle={Proc. British Machine Vision Conference},
  pages={327--338},
  year={1994}
}
% (AAM) 
@article{matthews2004active,
  title={Active appearance models revisited},
  author={Matthews, Iain and Baker, Simon},
  journal={International journal of computer vision},
  volume={60},
  number={2},
  pages={135--164},
  year={2004},
  publisher={Springer}
}
@inproceedings{edwards1998interpreting,
  title={Interpreting face images using active appearance models},
  author={Edwards, Gareth J and Taylor, Christopher J and Cootes, Timothy F},
  booktitle={Automatic Face and Gesture Recognition, 1998. Proceedings. Third IEEE International Conference on},
  pages={300--305},
  year={1998},
  organization={IEEE}
}
% (regression)
@inproceedings{valstar2010facial,
  title={Facial point detection using boosted regression and graph models},
  author={Valstar, Michel and Martinez, Brais and Binefa, Xavier and Pantic, Maja},
  booktitle={Computer Vision and Pattern Recognition (CVPR), 2010 IEEE Conference on},
  pages={2729--2736},
  year={2010},
  organization={IEEE}
}
@inproceedings{dollar2010cascaded,
  title={Cascaded pose regression},
  author={Doll{\'a}r, Piotr and Welinder, Peter and Perona, Pietro},
  booktitle={Computer Vision and Pattern Recognition (CVPR), 2010 IEEE Conference on},
  pages={1078--1085},
  year={2010},
  organization={IEEE}
}
@inproceedings{xiong2013supervised,
  title={Supervised descent method and its applications to face alignment},
  author={Xiong, Xuehan and De la Torre, Fernando},
  booktitle={Proceedings of the IEEE conference on computer vision and pattern recognition},
  pages={532--539},
  year={2013}
}
@inproceedings{tzimiropoulos2015project,
  title={Project-out cascaded regression with an application to face alignment},
  author={Tzimiropoulos, Georgios},
  booktitle={Proceedings of the IEEE Conference on Computer Vision and Pattern Recognition},
  pages={3659--3667},
  year={2015}
}
@article{wright2009robust,
  title={Robust face recognition via sparse representation},
  author={Wright, John and Yang, Allen Y and Ganesh, Arvind and Sastry, S Shankar and Ma, Yi},
  journal={IEEE transactions on pattern analysis and machine intelligence},
  volume={31},
  number={2},
  pages={210--227},
  year={2009},
  publisher={IEEE}
}
@inproceedings{le2012interactive,
  title={Interactive facial feature localization},
  author={Le, Vuong and Brandt, Jonathan and Lin, Zhe and Bourdev, Lubomir and Huang, Thomas S},
  booktitle={European Conference on Computer Vision},
  pages={679--692},
  year={2012},
  organization={Springer}
}
@article{belhumeur2013localizing,
  title={Localizing parts of faces using a consensus of exemplars},
  author={Belhumeur, Peter N and Jacobs, David W and Kriegman, David J and Kumar, Neeraj},
  journal={IEEE transactions on pattern analysis and machine intelligence},
  volume={35},
  number={12},
  pages={2930--2940},
  year={2013},
  publisher={IEEE}
}
@inproceedings{sagonas2013semi,
  title={A semi-automatic methodology for facial landmark annotation},
  author={Sagonas, Christos and Tzimiropoulos, Georgios and Zafeiriou, Stefanos and Pantic, Maja},
  booktitle={Proceedings of the IEEE Conference on Computer Vision and Pattern Recognition Workshops},
  pages={896--903},
  year={2013}
}
@inproceedings{shen2015first,
  title={The first facial landmark tracking in-the-wild challenge: Benchmark and results},
  author={Shen, Jie and Zafeiriou, Stefanos and Chrysos, Grigoris G and Kossaifi, Jean and Tzimiropoulos, Georgios and Pantic, Maja},
  booktitle={Proceedings of the IEEE International Conference on Computer Vision Workshops},
  pages={50--58},
  year={2015}
}






